@article{udo,
    author =       "Udo ZÃ¶lzer",
    title =        "Digital Audio Signal Processing-2nd Edition",
    year =         "2008"
}

@article{alfred,
    author =       "Alfred Mertins",
    title =        "Signal Analysis: Wavelets, Filter Banks, Time-Frequency Transforms and Applications",
    DOI = "http://dsp-book.narod.ru/496.pdf"
}

@article{emmanuel,
    author =       "Emmanuel Vincent",
    title =        "Musical source separation using time-frequency source priors. IEEE Transactions on Audio, Speech and Language Processing",
    number =       "14",
    pages =        "91--98",
    year =         "2006"
}

@article{miron,
    author =       "Miron M., Carabias J. J. and Janer J.",
    title =        "Improving score-informed source separation for classical music through note refinement",
    journal =       "ISMIR Conference",
    year =         "2015"
}

@article{aditya,
	author = "Aditya Arie Nugraha, Antoine Liutkus, Emmanuel Vincent.",
	title = "Multichannel audio source separation with deep neural networks.",
	year = "2015"
}

@article{lecun,
	author = "LeCun Yann, Bengio Yoshua, Hinton Geoffrey",
	title = "Deep Learning",
	DOI = "https://www.cs.toronto.edu/~hinton/absps/NatureDeepReview.pdf"
}

@article{sepp1,
	author = "Sepp Hochreiter",
	title = "THE VANISHING GRADIENT PROBLEM DURING LEARNING RECURRENT NEURAL NETS AND PROBLEM SOLUTIONS",
	DOI = "https://www.bioinf.jku.at/publications/older/2304.pdf"
}

@article{sepp2,
	author = "Sepp Hochreiter",
	title = "LONG SHORT-TERM MEMORY",
	DOI = "https://www.bioinf.jku.at/publications/older/2604.pdf"
}

@article{jan,
    author =       "Jansson A., Humphrey E.",
    title =        "Singing voice separation with deep U-Net convolutional networks",
    journal =       "18th ISMIR Conference",
    year =         "2017"
}

@article{leon,
    author =       "Leon Bottou",
    title =        "Large-Scale Machine Learning with Stochastic Gradient Descent "
}

@article{anil,
	author = "Anil K. Jain",
	title = "Artificial Neural Networks",
	DOI = "http://csc.lsu.edu/~jianhua/nn.pdf"
}

@article{graves,
	author = "Alex Graves",
	title = "Generating Sequences With Recurrent Neural Networks "
}

@article{yoshua,
	author = "Yoshua Bengio, Ian Goodfellow",
	title = "Deep Learning"
}

@article{sepp3,
	author = "Sepp Hochreiter",
	title = "Gradient Flow in Recurrent Nets: the Difficulty of Learning Long-Term Dependencies"
}

@article{stephen,
	author = "Stephen Merity",
	title = "Regularizing and Optimizing LSTM Language Models"
}

@article{zaremba, 
	author = "Wojciech Zaremba", 
	title = "RECURRENT NEURAL NETWORK REGULARIZATION"
}

@article{thomas, 
	author = "Wojciech Zaremba", 
	title = "Spectrogram Track Detection An Active Contour Algorithm"
}

@article{gautham, 
	author = "Gautham J. Mysore Prit", 
	title = "Non-negative Hidden Markov Modeling of Audio with Application to Source"
}

@article{pritish, 
	author = "Pritish Chandna", 
	title = "Monoaural Audio Source Separation Using Deep Convolutional Neural"
}

@article{soheil, 
	author = "Soheil Bahrampour", 
	title = "Comparative Study of Deep Learning Software Frameworks"
}
@misc{DSD100,
  title = {DSD100},
  year = {2012},
  note = {data obtained from AIST MIR}
}